@online{hiveparquet,
	title = {https://cwiki.apache.org/confluence/display/Hive/
	Parquet},
	url = {https://cwiki.apache.org/confluence/display/Hive/Parquet},
}

@inproceedings{DBLP:conf/icde/HeLHSJZX11,
  author    = {Yongqiang He and
               Rubao Lee and
               Yin Huai and
               Zheng Shao and
               Namit Jain and
               Xiaodong Zhang and
               Zhiwei Xu},
  title     = {RCFile: {A} fast and space-efficient data placement structure in MapReduce-based
               warehouse systems},
  booktitle = {ICDE},
  year      = {2011},
}

@inproceedings{DBLP:conf/cloud/JindalQD11,
	author    = {Alekh Jindal and
	Jorge{-}Arnulfo Quian{\'{e}}{-}Ruiz and
	Jens Dittrich},
	title     = {Trojan data layouts: right shoes for a running elephant},
	booktitle = {SOCC},
	year      = {2011},
}

@inproceedings{cstore-stonebraker2005,
	title={C-store: a column-oriented DBMS},
	author={Stonebraker, Mike and Abadi, Daniel J and Batkin, Adam and Chen, Xuedong and Cherniack, Mitch and Ferreira, Miguel and Lau, Edmond and Lin, Amerson and Madden, Sam and O'Neil, Elizabeth and others},
	booktitle={VLDB},
	year={2005}
}

@article{DBLP:journals/pvldb/HuaiMLO013,
	author    = {Yin Huai and
	Siyuan Ma and
	Rubao Lee and
	Owen O'Malley and
	Xiaodong Zhang},
	title     = {Understanding Insights into the Basic Structure and Essential Issues
	of Table Placement Methods in Clusters},
	journal   = {{PVLDB}},
	volume    = {6},
	number    = {14},
	year      = {2013},
}

@inproceedings{DBLP:conf/cidr/Abadi07,
	author    = {Daniel J. Abadi},
	title     = {Column Stores for Wide and Sparse Data},
	booktitle = {CIDR},
	year      = {2007},
}

@online{orcfileManual,
	title = {https://cwiki.apache.org/confluence/display/Hive
	/LanguageManual+ORC},
	url = {https://cwiki.apache.org/confluence/display/Hive/LanguageManual+ORC},
}

@online{parquetMainPage,
	title = {http://parquet.apache.org/documentation/latest/},
	url = {http://parquet.apache.org/documentation/latest/},
}

@online{TPH-C,
	title = {http://www.tpc.org/tpch/},
	url = {http://www.tpc.org/tpch/},
}

@online{SSB,
	title = {http://www.odbms.org/2014/03/star-schema-benchmark/},
	url = {http://www.odbms.org/2014/03/star-schema-benchmark/},
}

@online{datasheet:ST2000DM001,
	title = {http://www.seagate.com/staticfiles/docs/pdf/
	datasheet/disc/barracuda-ds1737-1-1111us.pdf},
	url = {http://www.seagate.com/staticfiles/docs/pdf/datasheet/disc/barracuda-ds1737-1-1111us.pdf},
}

@online{datasheet:ST2000NM0033,
	title = {http://www.seagate.com/www-content/
	product-content/constellation-fam/constellation-es/constellation-es-3/en-us/docs/constellation-es-3-data-sheet-ds1769-1-1210us.pdf},
	url = {http://www.seagate.com/www-content/product-content/constellation-fam/constellation-es/constellation-es-3/en-us/docs/constellation-es-3-data-sheet-ds1769-1-1210us.pdf},
}

@online{datasheet:HUS726060ALS640,
	title = {http://www.storagereview.com/hgst\_ultrastar\_helium\_
	6tb\_enterprise\_hard\_drive\_review},
	url = {http://www.storagereview.com/hgst\_ultrastar\_helium\_6tb\_enterprise\_hard\_drive\_review},
}

@online{datasheet:ST9900805SS,
	title = {http://www.seagate.com/staticfiles/docs/pdf/
	datasheet/disc/savvio10k5-fips-data-sheet-ds1727-4-1201-us.pdf},
	url = {http://www.seagate.com/staticfiles/docs/pdf/datasheet/disc/savvio10k5-fips-data-sheet-ds1727-4-1201-us.pdf},
}

@online{wikipedia:hardDrivePerformance,
	title = {http://en.wikipedia.org/wiki/Hard\_disk\_drive\_performance\_characteristics},
	url = {http://en.wikipedia.org/wiki/Hard\_disk\_drive\_performance\_characteristics},
}

@online{wikipedia:ext4,
	title = {http://en.wikipedia.org/wiki/Ext4},
	url = {http://en.wikipedia.org/wiki/Ext4},
}

@INPROCEEDINGS{HDFS:paper,
	author={Shafer, J. and Rixner, S. and Cox, A.L.},
	booktitle={ISPASS},
	title={The Hadoop distributed filesystem: Balancing portability and performance},
	year={2010},
}

@inproceedings{DBLP:conf/cluster/GuoXWL12,
	author    = {Sijie Guo and
	Jin Xiong and
	Weiping Wang and
	Rubao Lee},
	title     = {Mastiff: {A} MapReduce-based System for Time-Based Big Data Analytics},
	booktitle = {CLUSTER},
	year      = {2012},
}

@online{parquet:params,
	title = {Parameter Configurations in Parquet Format. https://github.com/Parquet/parquet-mr/blob/master/
	parquet-hadoop/src/main/java/parquet/hadoop/
	ParquetOutputFormat.java},
	url = {https://github.com/Parquet/parquet-mr/blob/master/parquet-hadoop/src/main/java/parquet/hadoop/ParquetOutputFormat.java},
}

@online{Hpp,
	title = {https://en.wikipedia.org/wiki/Hamiltonian\_path\_problem},
	url = {https://en.wikipedia.org/wiki/Hamiltonian\_path\_problem},
}



@article{DBLP:journals/tods/SaccaW85,
	author    = {Domenico Sacc{\`{a}} and
	Gio Wiederhold},
	title     = {Database Partitioning in a Cluster of Processors},
	journal   = {TODS},
	volume    = {10},
	number    = {1},
	year      = {1985},
}

@article{sa:paper,
	title={Optimization by simmulated annealing},
	author={Kirkpatrick, Scott and others},
	journal={Science},
	volume={220},
	number={4598},
	year={1983},
}

@article{ga:paper,
	title={A genetic algorithm tutorial},
	author={Whitley, Darrell},
	journal={Statistics and computing},
	volume={4},
	number={2},
	year={1994},
}

@online{wikipedia:ga,
	title = {http://en.wikipedia.org/wiki/Genetic\_algorithm},
	url = {http://en.wikipedia.org/wiki/Genetic\_algorithm},
}

@online{wikipedia:sa,
	title = {http://en.wikipedia.org/wiki/Simulated\_annealing},
	url = {http://en.wikipedia.org/wiki/Simulated\_annealing},
}

@inproceedings{DBLP:conf/sigmod/AbadiMH08,
	author    = {Daniel J. Abadi and
	Samuel Madden and
	Nabil Hachem},
	title     = {Column-stores vs. row-stores: how different are they really?},
	booktitle = {SIGMOD},
	year      = {2008},
}

@article{DBLP:journals/ftdb/AbadiBHIM13,
	author    = {Daniel Abadi and
	Peter A. Boncz and
	Stavros Harizopoulos and
	Stratos Idreos and
	Samuel Madden},
	title     = {The Design and Implementation of Modern Column-Oriented Database Systems},
	journal   = {Foundations and Trends in Databases},
	volume    = {5},
	number    = {3},
	year      = {2013},
}

@article{DBLP:journals/pvldb/LiP14,
	author    = {Yinan Li and
	Jignesh M. Patel},
	title     = {WideTable: An Accelerator for Analytical Data Processing},
	journal   = {PVLDB},
	volume    = {7},
	number    = {10},
	year      = {2014},
}

@article{DBLP:journals/pvldb/ChaikenJLRSWZ08,
	author    = {Ronnie Chaiken and
	Bob Jenkins and
	Per{-}{\AA}ke Larson and
	Bill Ramsey and
	Darren Shakib and
	Simon Weaver and
	Jingren Zhou},
	title     = {{SCOPE:} easy and efficient parallel processing of massive data sets},
	journal   = {PVLDB},
	volume    = {1},
	number    = {2},
	year      = {2008},
}

@inproceedings{DBLP:conf/icde/ThusooSJSCZALM10,
	author    = {Ashish Thusoo and
	Joydeep Sen Sarma and
	Namit Jain and
	Zheng Shao and
	Prasad Chakka and
	Ning Zhang and
	Suresh Anthony and
	Hao Liu and
	Raghotham Murthy},
	title     = {Hive - a petabyte scale data warehouse using Hadoop},
	booktitle = {ICDE},
	year      = {2010},
}

@inproceedings{DBLP:conf/hotcloud/ZahariaCFSS10,
	author    = {Matei Zaharia and
	Mosharaf Chowdhury and
	Michael J. Franklin and
	Scott Shenker and
	Ion Stoica},
	title     = {Spark: Cluster Computing with Working Sets},
	booktitle = {HotCloud},
	year      = {2010},
}

@incollection{sa:InitialConditionsAndTimeSchedule,
	author	= {Kambiz Shojaee G. and Hamed Shakouri G. and Mojtaba Behnam Taghadosi},
	title	= {Importance of the Initial Conditions and the Time Schedule in the Simulated Annealing},
	booktitle = {Simulated Annealing, Theory with Applications},
	publisher = {Sciyo},
	editor	= {Rui Chibante},
	chapter= {12},
	pages = "217-234",
	year	= {2010},
	month	= {August},
}

@incollection{book:hardDiskDrives,
	author	= "Remzi H. Arpaci-Dusseau and Andrea C. Arpaci-Dusseau",
	title	= "Hard Disk Drives",
	booktitle= "Operating Systems: Three Easy Pieces",
	publisher= "Arpaci-Dusseau Books",
	edition= "0.80",
	year	= "2014",
	month	= "May",
}

@incollection{book:hdfs,
	author	= "White, Tom",
	title	= "The Hadoop Distributed File System",
	booktitle= "Hadoop: The Definitive Guide",
	publisher= "O'Reilly Media, Inc.",
	edition= "4",
	year	= "2015",
	month	= "March",
}

@article{sa:fastSA,
	title={Fast simulated annealing},
	author={Szu, Harold and Hartley, Ralph},
	journal={Physics letters A},
	volume={122},
	number={3},
	year={1987},
}

@article{
	year={2004},
	journal={Computational Optimization and Applications},
	volume={29},
	number={3},
	title={Computing the Initial Temperature of Simulated Annealing},
	author={Ben-Ameur, Walid},
}

@article{sa:coolingScheduleCompare,
	title={A comparison of simulated annealing cooling strategies},
	author={Nourani, Yaghout and Andresen, Bjarne},
	journal={Journal of Physics A: Mathematical and General},
	volume={31},
	number={41},
	year={1998},
}

@article{Li:2014:WideTableAccelerator,
	author = {Li, Yinan and Patel, Jignesh M.},
	title = {WideTable: An Accelerator for Analytical Data Processing},
	journal = {PVLDB},
	volume = {7},
	number = {10},
	year = {2014},
}

@online{ga:galib,
	title = {http://lancet.mit.edu/ga/},
	url = {http://lancet.mit.edu/ga/},
}

@online{ga:watchmaker,
	title = {http://watchmaker.uncommons.org/},
	url = {http://watchmaker.uncommons.org/},
}

@article{GaAndSa:manikas1996,
	title={Genetic algorithms vs. simulated annealing: A comparison of approaches for solving the circuit partitioning problem},
	author={Manikas, Theodore W and Cain, James T},
	year={1996}
}

@article{DBLP:journals/pvldb/YanCZ14,
  author    = {Ying Yan and
               Liang Jeff Chen and
               Zheng Zhang},
  title     = {Error-bounded Sampling for Analytics on Big Sparse Data},
  journal   = {PVLDB},
  volume    = {7},
  number    = {13},
  year      = {2014},
}


@inproceedings{olston2008pig,
	title={Pig latin: a not-so-foreign language for data processing},
	author={Olston, Christopher and Reed, Benjamin and Srivastava, Utkarsh and Kumar, Ravi and Tomkins, Andrew},
	booktitle={SIGMOD},
	year={2008},
}

@inproceedings{xin2013shark,
	title={Shark: SQL and rich analytics at scale},
	author={Xin, Reynold S and Rosen, Josh and Zaharia, Matei and Franklin, Michael J and Shenker, Scott and Stoica, Ion},
	booktitle={SIGMOD},
	year={2013},
}


@online{dryad,
	title = {http://research.microsoft.com/en-us/projects/dryad/},
	url = {http://research.microsoft.com/en-us/projects/dryad/},
}



@online{cosmos,
	title = {http://research.microsoft.com/en-us/events/
	fs2011/helland\_cosmos\_big\_data\_and\_big\_challenges.pdf},
	url = {http://research.microsoft.com/en-us/events/fs2011/helland\_cosmos\_big\_data\_and\_big\_challenges.pdf},
}

@online{impala,
	title = {http://impala.io/},
	url = {http://impala.io/},
}


@online{presto,
	title = {https://prestodb.io/},
	url = {https://prestodb.io/},
}

@online{sparksql,
	title = {http://spark.apache.org/sql/},
	url = {http://spark.apache.org/sql/},
}

@online{hadoopatacrossroad,
	title = {http://cacm.acm.org/blogs/blog-cacm/177467-hadoop-at-a-crossroads/fulltext},
	url = {http://cacm.acm.org/blogs/blog-cacm/177467-hadoop-at-a-crossroads/fulltext},
}



@online{drill,
	title = {http://drill.apache.org/},
	url = {http://drill.apache.org/},
}

@inproceedings{agarwal2013blinkdb,
	title={BlinkDB: queries with bounded errors and bounded response times on very large data},
	author={Agarwal, Sameer and Mozafari, Barzan and Panda, Aurojit and Milner, Henry and Madden, Samuel and Stoica, Ion},
	booktitle={EuroSys},
	year={2013},
}

@article{brighthouse:vldb2008,
  title={Brighthouse: an analytic data warehouse for ad-hoc queries},
  author={{\'S}lȩzak, Dominik and Wr{\'o}blewski, Jakub and Eastwood, Victoria and Synak, Piotr},
  journal={PVLDB},
  volume={1},
  number={2},
  year={2008}
}

@article{wang2013multi,
	title={Multi-query optimization in mapreduce framework},
	author={Wang, Guoping and Chan, Chee-Yong},
	journal={PVLDB},
	volume={7},
	number={3},
	year={2013}
}

@article{lei2015shared,
	title={Shared Execution of Recurring Workloads in MapReduce},
	author={Lei, Chuan and Zhuang, Zhongfang and Rundensteiner, Elke A and Eltabakh, Mohamed},
	journal={PVLDB},
	volume={8},
	number={7},
	year={2015}
}

@article{nykiel2010mrshare,
	title={MRShare: sharing across multiple queries in MapReduce},
	author={Nykiel, Tomasz and Potamias, Michalis and Mishra, Chaitanya and Kollios, George and Koudas, Nick},
	journal={PVLDB},
	volume={3},
	number={1-2},
	year={2010},
}

@inproceedings{papadomanolakis2004autopart,
  title={Autopart: Automating schema design for large scientific databases using data partitioning},
  author={Papadomanolakis, Efstratios and Ailamaki, Anastassia},
  booktitle={In Proceedings of the 16th International Conference on Scientific and Statistical Database Management},
  year={2004}
}

@inproceedings{hankins2003data,
  title={Data Morphing: An Adaptive, Cache-Conscious Storage Technique},
  author={Hankins, Richard A. and Patel, Jignesh M.},
  booktitle={VLDB},
  year={2003}
}

@inproceedings{lateMaterialization:abadi2007,
  title={Materialization strategies in a column-oriented DBMS},
  author={Abadi, Daniel J and Myers, Daniel S and DeWitt, David J and Madden, Samuel R},
  booktitle={ICDE},
  year={2007}
}

@online{parquetLateMaterialization,
	title = {https://berlinbuzzwords.de/sites/berlinbuzzwords.de/
	files/media/documents/ted\_dunning-what\_and\_why\_and\_how\_apache\_drill.pdf},
	url = {https://berlinbuzzwords.de/sites/berlinbuzzwords.de/files/media/documents/ted\_dunning-what\_and\_why\_and\_how\_apache\_drill.pdf},
}


@online{ssd:whilePaper,
	title = {http://www.dell.com/downloads/global/products/pvaul/en/
	ssd\_vs\_hdd\_price\_and\_performance\_study.pdf},
	url = {http://www.dell.com/downloads/global/products/pvaul/en/ssd/_vs/_hdd/_price/_and/_performance/_study.pdf},
}


@book{book:database-systems:the-complete-book,
  title={Database systems: the complete book},
  author={Garcia-Molina, Hector},
  year={2008},
  publisher={Pearson Education India}
}


@article{Computer:an-introduction-to-disk-drive-modeling,
  title={An introduction to disk drive modeling},
  author={Ruemmler, Chris and Wilkes, John},
  journal={Computer},
  volume={27},
  number={3},
  year={1994}
}


@book{book:disk-scheduling-algo-based-on-rota-pos,
  title={Disk scheduling algorithms based on rotational position},
  author={Jacobson, David M and Wilkes, John},
  year={1991},
  publisher={Citeseer}
}

@article{VLDB:column-oriented-database-systems:abadi2009,
  title={Column-oriented database systems},
  author={Abadi, Daniel J and Boncz, Peter A and Harizopoulos, Stavros},
  journal={PVLDB},
  volume={2},
  number={2},
  year={2009}
}

@inproceedings{multi-zone-disks,
  title={Observing the effects of multi-zone disks},
  author={Van Meter, Rodney},
  booktitle={The Usenix Technical Conference},
  year={1997}
}

@article{comparison-of-knives,
  title={A comparison of knives for bread slicing},
  author={Jindal, Alekh and Palatinus, Endre and Pavlov, Vladimir and Dittrich, Jens},
  journal={PVLDB},
  volume={6},
  number={6},
  year={2013}
}

@article{cif-format-paper,
  title={Column-oriented storage techniques for MapReduce},
  author={Floratou, Avrilia and Patel, Jignesh M and Shekita, Eugene J and Tata, Sandeep},
  journal={PVLDB},
  volume={4},
  number={7},
  year={2011}
}

@inproceedings{autopart,
  title={Autopart: Automating schema design for large scientific databases using data partitioning},
  author={Papadomanolakis, Stratos and Ailamaki, Anastassia},
  booktitle={SSDBM},
  year={2004}
}

@inproceedings{h2o-adaptive-store,
  title={H2O: a hands-free adaptive store},
  author={Alagiannis, Ioannis and Idreos, Stratos and Ailamaki, Anastasia},
  booktitle={SIGMOD},
  year={2014}
}

@inproceedings{o2p-relax-and-let,
  title={Relax and let the database do the partitioning online},
  author={Jindal, Alekh and Dittrich, Jens},
  booktitle={BIRTE},
  year={2011}
}

@article{vertical-partitioning-algo-for-db-design,
  title={Vertical partitioning algorithms for database design},
  author={Navathe, Shamkant and Ceri, Stefano and Wiederhold, Gio and Dou, Jinglie},
  journal={TODS},
  volume={9},
  number={4},
  year={1984}
}

@article{hyrise,
  title={HYRISE: a main memory hybrid storage engine},
  author={Grund, Martin and Kr{\"u}ger, Jens and Plattner, Hasso and Zeier, Alexander and Cudre-Mauroux, Philippe and Madden, Samuel},
  journal={PVLDB},
  volume={4},
  number={2},
  year={2010}
}

@inproceedings{data-morphing,
  title={Data morphing: an adaptive, cache-conscious storage technique},
  author={Hankins, Richard A and Patel, Jignesh M},
  booktitle={VLDB},
  year={2003}
}

@inproceedings{weaving-relations-for-cache-performance,
  title={Weaving Relations for Cache Performance.},
  author={Ailamaki, Anastassia and DeWitt, David J and Hill, Mark D and Skounakis, Marios},
  booktitle={VLDB},
  year={2001}
}

@inproceedings{advanced-partitioning-for-massive-distributed-computation,
  title={Advanced partitioning techniques for massively distributed computation},
  author={Zhou, Jingren and Bruno, Nicolas and Lin, Wei},
  booktitle={SIGMOD},
  year={2012}
}

@inproceedings{data-skipping,
  title={Fine-grained partitioning for aggressive data skipping},
  author={Sun, Liwen and Franklin, Michael J and Krishnan, Sanjay and Xin, Reynold S},
  booktitle={SIGMOD},
  year={2014}
}

@article{schism-workload-driven-partitioning-for-transactions,
  title={Schism: a workload-driven approach to database replication and partitioning},
  author={Curino, Carlo and Jones, Evan and Zhang, Yang and Madden, Sam},
  journal={PVLDB},
  volume={3},
  number={1-2},
  year={2010}
}

